% Journal names don't really crossref well.  Define common ones here:
@string{JSAC="IEEE Journal on Selected Areas in Communications (J-SAC)"}
@string{JACM="Journal of the {ACM}"}
@string{CCR="{ACM} Computer Communications Review"}
@string{IEEEPROC="{Proc. of the IEEE}"}
@string{IEEECOMM="{IEEE Communications Magazine}"}
@string{IEEECOMP="{IEEE Computer}"}
@string{IEEEPERS="{IEEE} Personal Communications"}
@string{IEEENET="{IEEE Network}"}
@string{IETF = "{Internet Engineering Task Force}"}
@string{MICRO={"IEEE Micro"}}
@string{CACM="{Communications of the ACM}"}
@string{TOC="{IEEE Transactions on Communications}"}
@string{TON="{IEEE/ACM Transactions on Networking}"}
@string{TOCS="{ACM Transactions on Computer Systems}"}
@string{TOMEDIA="{IEEE Transactions on Multimedia}"}
@string{OSREVIEW="{ACM SIGOPS Operating Systems Review}"}
@string{MCCR="{Mobile Computing and Communications Review}"}

% **A**

@inproceedings{Abrams96,
  author =	 {Marc Abrams and Charles R. Standridge and Ghaleb
                  Abdulla and Edward A. Fox and Stephen Williams},
  title =	 "Removal Policies in Network Caches for
                  {W}orld-{W}ide {W}eb Documents",
  booktitle =	 "Proceedings of the ACM SIGCOMM '96 Conference on
                  Applications, Technologies, Architectures, and
                  Protocols for Computer Communication (SIGCOMM)",
  pages =	 "293--305",
  address =	 "Stanford University, CA",
  month =	 aug,
  year =	 "1996"
}

@inproceedings{enck2010taintdroid,
  title={TaintDroid: an information-flow tracking system for realtime privacy monitoring on smartphones},
  author={Enck, William and Gilbert, Peter and Chun, Byung-Gon and Cox, Landon P and Jung, Jaeyeon and McDaniel, Patrick and Sheth, Anmol N},
  booktitle={Proceedings of the 9th USENIX conference on Operating systems design and implementation},
  pages={1--6},
  year={2010}
}

@incollection{zhou2011taming,
  title={Taming information-stealing smartphone applications (on Android)},
  author={Zhou, Yajin and Zhang, Xinwen and Jiang, Xuxian and Freeh, Vincent W},
  booktitle={Trust and Trustworthy Computing},
  pages={93--107},
  year={2011},
  publisher={Springer}
}

@inproceedings{beresford2011mockdroid,
  title={MockDroid: trading privacy for application functionality on smartphones},
  author={Beresford, Alastair R and Rice, Andrew and Skehin, Nicholas and Sohan, Ripduman},
  booktitle={Proceedings of the 12th Workshop on Mobile Computing Systems and Applications},
  pages={49--54},
  year={2011},
  organization={ACM}
}

@article{shabtai2012andromaly,
  title={“Andromaly”: a behavioral malware detection framework for android devices},
  author={Shabtai, Asaf and Kanonov, Uri and Elovici, Yuval and Glezer, Chanan and Weiss, Yael},
  journal={Journal of Intelligent Information Systems},
  volume={38},
  number={1},
  pages={161--190},
  year={2012},
  publisher={Springer}
}

@inproceedings{grace2012systematic,
  title={Systematic detection of capability leaks in stock Android smartphones},
  author={Grace, Michael and Zhou, Yajin and Wang, Zhi and Jiang, Xuxian},
  booktitle={Proceedings of the 19th Annual Symposium on Network and Distributed System Security},
  year={2012}
}

@inproceedings{liu2009virusmeter,
  title={Virusmeter: Preventing your cellphone from spies},
  author={Liu, Lei and Yan, Guanhua and Zhang, Xinwen and Chen, Songqing},
  booktitle={Recent Advances in Intrusion Detection},
  pages={244--264},
  year={2009},
  organization={Springer}
}

@inproceedings{tang2012cleanos,
  title={CleanOS: Limiting mobile data exposure with idle eviction},
  author={Tang, Yang and Ames, Phillip and Bhamidipati, Sravan and Bijlani, Ashish and Geambasu, Roxana and Sarda, Nikhil},
  booktitle={Proceedings of the USENIX Conference on Operating Systems Design and Implementation, Berkeley, CA, USA},
  year={2012}
}

@inproceedings{dietz2011quire,
  title={Quire: Lightweight provenance for smart phone operating systems},
  author={Dietz, Michael and Shekhar, Shashi and Pisetsky, Yuliy and Shu, Anhei and Wallach, Dan S},
  booktitle={Proceedings of the 20th USENIX Security Symposium},
  year={2011}
}

@inproceedings{felt2011permission,
  title={Permission re-delegation: Attacks and defenses},
  author={Felt, Adrienne Porter and Wang, Helen J and Moshchuk, Alexander and Hanna, Steven and Chin, Erika},
  booktitle={Proceedings of the 20th USENIX Security Symposium},
  volume={18},
  pages={19--31},
  year={2011}
}

@article{ongtang2012semantically,
  title={Semantically rich application-centric security in Android},
  author={Ongtang, Machigar and McLaughlin, Stephen and Enck, William and McDaniel, Patrick},
  journal={Security and Communication Networks},
  volume={5},
  number={6},
  pages={658--673},
  year={2012},
  publisher={Wiley Online Library}
}

@inproceedings{xie2010pbmds,
  title={pBMDS: a behavior-based malware detection system for cellphone devices},
  author={Xie, Liang and Zhang, Xinwen and Seifert, Jean-Pierre and Zhu, Sencun},
  booktitle={Proceedings of the third ACM conference on Wireless network security},
  pages={37--48},
  year={2010},
  organization={ACM}
}

@inproceedings{burguera2011crowdroid,
  title={Crowdroid: behavior-based malware detection system for android},
  author={Burguera, Iker and Zurutuza, Urko and Nadjm-Tehrani, Simin},
  booktitle={Proceedings of the 1st ACM workshop on Security and privacy in smartphones and mobile devices},
  pages={15--26},
  year={2011},
  organization={ACM}
}

@inproceedings{portokalidis2010paranoid,
  title={Paranoid Android: versatile protection for smartphones},
  author={Portokalidis, Georgios and Homburg, Philip and Anagnostakis, Kostas and Bos, Herbert},
  booktitle={Proceedings of the 26th Annual Computer Security Applications Conference},
  pages={347--356},
  year={2010},
  organization={ACM}
}

@article{mansfield2012android,
  title={Android malware and mitigations},
  author={Mansfield-Devine, Steve},
  journal={Network Security},
  volume={2012},
  number={11},
  pages={12--20},
  year={2012},
  publisher={Elsevier}
}

@inproceedings{zhou2012dissecting,
  title={Dissecting android malware: Characterization and evolution},
  author={Zhou, Yajin and Jiang, Xuxian},
  booktitle={Security and Privacy (SP), 2012 IEEE Symposium on},
  pages={95--109},
  year={2012},
  organization={IEEE}
}

@inproceedings{schlegel2011soundcomber,
  title={Soundcomber: A stealthy and context-aware sound trojan for smartphones},
  author={Schlegel, Roman and Zhang, Kehuan and Zhou, Xiaoyong and Intwala, Mehool and Kapadia, Apu and Wang, X},
  booktitle={Proceedings of the 18th Annual Network and Distributed System Security Symposium (NDSS)},
  pages={17--33},
  year={2011}
}

@inproceedings{xu2012taplogger,
  title={Taplogger: Inferring user inputs on smartphone touchscreens using on-board motion sensors},
  author={Xu, Zhi and Bai, Kun and Zhu, Sencun},
  booktitle={Proceedings of the fifth ACM conference on Security and Privacy in Wireless and Mobile Networks},
  pages={113--124},
  year={2012},
  organization={ACM}
}

@inproceedings{schrittwieser2012guess,
  title={Guess Who’s Texting You? Evaluating the Security of Smartphone Messaging Applications},
  author={Schrittwieser, Sebastian and Fr{\"u}hwirt, Peter and Kieseberg, Peter and Leithner, Manuel and Mulazzani, Martin and Huber, Markus and Weippl, Edgar},
  booktitle={Proceedings of the 19th Annual Symposium on Network and Distributed System Security},
  year={2012}
}

@inproceedings{zhou2012hey,
  title={Hey, you, get off of my market: Detecting malicious apps in official and alternative android markets},
  author={Zhou, Yajin and Wang, Zhi and Zhou, Wu and Jiang, Xuxian},
  booktitle={Proceedings of the 19th Annual Network and Distributed System Security Symposium},
  year={2012}
}

@inproceedings{felt2012android,
  title={Android permissions: User attention, comprehension, and behavior},
  author={Felt, Adrienne Porter and Ha, Elizabeth and Egelman, Serge and Haney, Ariel and Chin, Erika and Wagner, David},
  booktitle={Proceedings of the Eighth Symposium on Usable Privacy and Security},
  pages={3},
  year={2012},
  organization={ACM}
}


@book{mccallister2010guide,
  title={Guide to protecting the confidentiality of personally identifiable information},
  author={McCallister, Erika},
  year={2010},
  publisher={DIANE Publishing}
}

@techreport{nash2005undirected,
  title={An Undirected Attack Against Critical Infrastructure},
  author={Nash, Troy},
  year={2005},
  institution={Technical Report, US-CERT Control Systems Security Center}
}

@misc{SecureList2012,
  author = {Maslennikov, Denis},
  title = {Find and Call: Leak and Spam},
  journal = {SecureList},
  type = {Blog},
  number = {July 5},
  year = {2012},
  howpublished = {\url{http://www.securelist.com/en/blog/208193641/Find_and_Call_Leak_and_Spam}}
}

@article{castillo2010android,
  title={Android Malware Past, Present, and Future},
  author={Castillo, Carlos A},
  journal={McAfee),[online]},
  year={2010}
}

@misc{gingermaster,
  key =    "GingerMaster: First Android Malware Utilizing a Root Exploit on Android 2.3",
  note =   "\url{http://www.csc.ncsu.edu/faculty/jiang/GingerMaster/}"
}

@misc{droiddream,
  author = {Mahaffey, Kevin},
  title = {Security Alert: DroidDream Malware Found in Official Android Market},
  journal = {The Lookout Blog},
  type = {Blog},
  number = {March 11},
  year = {2011},
  howpublished = {\url{https://blog.lookout.com/blog/2011/03/01/security-alert-malware-found-in-official-android-market-droiddream/}}
}


@misc{androiddashboard,
  key =    "Android Dashboards",
  note =   "\url{http://developer.android.com/about/dashboards/index.html}",
  accessed = {April 11, 2013}
}



@misc{Akamai,
  key =		 "Akamai",
  note =	 "\url{http://www.akamai.com/}"
}


@misc{androidcontentproviders,
  key =    "Android Developers - Content Providers",
  note =   "\url{http://developer.android.com/guide/topics/providers/content-providers.html}"
}

@misc{androidintents,
  key =    "Android Developers - Intents",
  note =   "\url{http://developer.android.com/reference/android/content/Intent.html}"
}

@misc{AppleAppStore,
  key =    "Apple App Store",
  note =   "\url{http://itunes.apple.com/}"
}

